1780 3022
714 162 746 189 c.
767 153 842 189 xm
869 152 1011 188 22-26.
1539 150 1621 196 157

112 270 310 322 gehalten
330 269 501 311 werden
523 268 608 309 und
629 268 699 308 mit
720 267 797 308 der
810 266 1120 307 Wasserarmut
1134 267 1212 307 des
1228 266 1398 306 Flusses
1414 263 1623 315 kampfen.

113 336 182 378 leh
215 336 325 377 habe
358 335 461 376 aber
493 334 655 375 danach
682 333 922 384 vergebens
955 332 1145 383 gesucht,
1179 343 1244 372 wo
1277 331 1388 372 denn
1425 330 1493 371 bei
1519 329 1624 370 Rom

114 401 207 443 dies
246 412 422 442 caenum
458 399 684 441 sordidum
721 398 805 439 und
845 398 912 439 die
957 409 1104 438 macta
1148 409 1263 448 aqua
1301 397 1378 438 des
1414 395 1538 436 Tiber
1574 407 1623 435 zu

113 466 257 508 finden
290 476 490 517 gewesen
523 465 614 506 sein
647 464 738 505 soll.
788 463 863 504 Die
891 462 1173 514 Schilderung
1203 462 1358 504 stimmt
1394 473 1470 513 gar
1495 461 1625 509 nicht;

114 532 193 573 der
226 531 351 572 Tiber
383 531 494 572 hatte
530 530 598 572 bei
625 529 728 571 Rom
764 529 849 570 und
885 529 939 569 im
975 539 1137 580 ganzen
1173 530 1348 570 unteren
1384 527 1486 568 Laui
1521 528 1624 568 stets

114 597 394 639 ausreichend
422 596 599 637 Wasser
634 594 684 644 (s.
705 594 906 645 Nissen,l
946 593 1144 645 S,316f.,
1183 594 1260 636 der
1297 593 1364 635 die
1404 594 1494 634 hier
1531 604 1626 633 vor-

115 663 312 714 liegende
340 662 469 704 Stelle
504 662 616 703 nicht
651 657 1008 712 berncksichtigt).
1058 660 1151 701 Und
1188 659 1400 709 uberdies,
1434 670 1521 699 was
1548 658 1626 699 soll

71 740 73 743 ·
117 729 207 770 hier
233 729 310 770 das
338 727 510 769 Ganze‘?
560 727 692 769 ,ledes
718 726 933 768 Distichon
967 736 1144 767 unserer
1169 725 1316 777 Epode
1349 726 1402 766 ist
1434 726 1554 765 sonst
1586 724 1626 764 in

116 795 443 846 gedrangtester
468 793 661 844 Fassung
699 793 769 833 mit
807 793 944 834 einem
990 803 1129 844 gegen
1169 792 1253 833 den
1280 791 1454 832 Luccius
1494 790 1628 831 selbst

116 860 377 912 gerichteten
405 859 596 900 Vorwurf
622 859 812 908 belastet,
839 859 923 899 und
945 858 1036 898 hier
1061 859 1171 899 steht
1198 858 1264 899 ein
1285 857 1501 898 Distichon
1523 856 1629 897 uber

118 926 202 967 den
229 924 589 967 Tiberschlamm‘?
628 923 713 965 Das
741 925 903 966 scheint
929 935 1036 975 ganz
1062 924 1238 975 planlos,
1272 923 1356 963 und
1389 934 1439 963 so
1479 922 1628 963 erhebt

116 992 208 1033 sich
236 991 312 1032 der
331 991 554 1039 Verdacht,
580 991 663 1031 dass
690 990 781 1031 dies
808 991 910 1031 alles
937 1001 1044 1041 ganz
1070 990 1224 1031 anders
1253 989 1449 1040 gemeint,
1476 988 1559 1028 dass
1580 998 1628 1028 es

118 1059 173 1098 im
213 1057 497 1098 schlimmsten
537 1055 667 1097 Sinne
706 1056 866 1096 obszon
905 1068 953 1096 zu
993 1056 1174 1097 nehmen
1201 1057 1265 1104 ist,
1305 1055 1375 1095 mit
1402 1054 1629 1095 derselben

120 1123 374 1164 raitinierten
401 1121 797 1173 Doppeldeutigkeit
829 1122 905 1163 der
940 1121 1165 1162 scheinbar
1191 1133 1296 1172 ganz
1324 1120 1629 1170 unschuldigen

40 1208 42 1210 >
120 1189 278 1238 Worte,
317 1188 387 1229 aut
426 1188 503 1229 der
541 1188 616 1229 der
642 1187 747 1228 Witz
779 1186 878 1228 z.B.
903 1188 943 1228 in
983 1188 1079 1228 dem
1107 1186 1401 1238 Spottgedicht
1441 1186 1510 1226 auf
1546 1186 1629 1226 den

120 1255 424 1297 Grammatiker
449 1253 692 1303 Menander,
718 1254 883 1294 Anthol.
902 1252 985 1293 Pal.
1006 1253 1054 1293 XI
1082 1253 1177 1303 139,
1203 1252 1355 1294 beruht
1382 1252 1466 1292 und
1495 1252 1562 1292 die
1590 1251 1630 1291 in

120 1321 356 1362 ahnlichem
376 1319 460 1360 Fan
487 1319 593 1360 auch
616 1318 818 1360 Claudian
845 1319 884 1359 in
905 1318 1148 1370 Eutropium
1163 1319 1175 1358 l
1190 1319 1331 1359 358ff.
1352 1316 1631 1369 angewendet

121 1387 192 1428 hat
217 1383 268 1435 (s.
294 1378 403 1426 zwei
430 1385 648 1436 politische
676 1384 839 1426 Satiren
868 1385 944 1426 des
972 1384 1082 1426 alten
1110 1384 1214 1425 Rom
1240 1383 1284 1425 S.
1305 1381 1391 1431 45).

182 1453 322 1503 ltaque
339 1451 391 1492 ad
406 1451 673 1491 iniucundum
694 1451 929 1501 interpretis
944 1462 1095 1491 munus
1117 1450 1329 1491 accedam.
1357 1449 1632 1491 Statuendum

121 1520 263 1560 autem
289 1519 355 1558 est
381 1517 447 1568 agi
475 1517 528 1558 de
555 1517 818 1568 pedicatione
845 1528 971 1567 quam
997 1517 1149 1568 patitur
1168 1516 1357 1558 Luccius.
1390 1515 1493 1556 Nam
1513 1518 1632 1555 rates

113 1585 290 1636 'proprie
317 1584 414 1624 sunt
436 1582 594 1632 trabes,
621 1583 742 1623 trabs
763 1584 902 1623 autem
923 1584 965 1623 ut
985 1592 1137 1623 navem
1157 1582 1346 1622 nimirum
1367 1581 1630 1632 significabat

123 1647 192 1698 (cf.
206 1650 305 1691 Hor.
319 1661 444 1690 carm.
463 1649 498 1698 1,
517 1649 552 1698 1,
571 1646 653 1698 13),
674 1649 729 1689 ita
746 1651 786 1688 et
806 1659 977 1699 penem3
998 1649 1039 1689 et
1059 1648 1113 1688 ita
1127 1648 1298 1698 quidem
1312 1647 1474 1687 trabem
1495 1646 1634 1697 posuit

124 1715 310 1757 Catullus
333 1714 402 1764 28,
427 1714 493 1754 10.
543 1713 655 1764 Ergo
676 1714 716 1753 ni
737 1713 857 1753 fallor
883 1714 964 1754 hoc
991 1714 1055 1754 est
1076 1713 1310 1753 membrum
1337 1712 1451 1762 quod
1474 1711 1635 1762 adpelli

124 1782 273 1822 dicitur
310 1776 540 1830 (adpulsae
577 1790 614 1820 v,
635 1776 722 1829 24),
760 1779 812 1819 ad
852 1780 971 1820 nates
1008 1779 1183 1828 seilicet;
1220 1780 1312 1819 stat
1343 1778 1466 1829 igitur
1498 1778 1634 1827 ipsum

126 1847 311 1888 erectum
338 1842 391 1893 (v.
413 1841 485 1892 25)
513 1846 554 1885 et
580 1845 749 1895 quidem
776 1845 819 1885 in
846 1844 986 1895 vadis,
1013 1846 1036 1885 i.
1057 1855 1094 1886 e.
1119 1844 1159 1885 in
1187 1844 1310 1893 rima3
1342 1843 1497 1884 vadum
1525 1842 1634 1883 enim

126 1912 306 1953 fluminis
339 1921 390 1952 ea
427 1921 526 1961 pars
566 1911 631 1951 est
669 1921 751 1961 qua
790 1911 953 1951 transiri
992 1911 1143 1961 potest.
1193 1910 1323 1950 Porro
1357 1909 1468 1950 idem
1502 1919 1634 1949 caeno

125 1977 308 2019 sordido
334 1977 544 2025 retinetur,
578 1987 662 2027 quo
689 1986 822 2017 caeno
849 1976 1006 2017 scilicet
1031 1987 1129 2027 pars
1157 1975 1223 2016 illa
1251 1976 1357 2016 inter
1382 1976 1501 2015 nates
1529 1985 1634 2024 quas

127 2040 324 2090 κοχώνα(
351 2042 520 2093 Eupolis
548 2042 647 2082 dixit
670 2039 815 2093 (supra
841 2053 880 2093 p.
906 2039 1004 2090 151)
1032 2042 1243 2093 inquinata
1265 2043 1347 2090 est3
1374 2041 1485 2082 idem
1512 2041 1635 2081 etIam

128 2110 314 2150 luctatur
352 2118 459 2159 quae
499 2109 540 2148 et
579 2108 670 2159 ipsa
707 2119 789 2148 vox
827 2108 1043 2148 obscaena
1082 2109 1146 2148 est
1184 2103 1323 2157 (Prop.
1356 2106 1395 2155 2,
1433 2106 1468 2155 1,
1505 2105 1556 2146 13
1596 2108 1637 2146 et

130 2175 169 2224 2,
194 2175 259 2220 15,
281 2171 322 2221 5)
350 2173 475 2224 idque
503 2185 649 2214 macra
677 2185 803 2224 aqua,
832 2174 855 2214 i.
875 2184 911 2215 e.
938 2173 977 2214 ni
1004 2173 1134 2222 tallor,
1161 2183 1307 2213 semen
1335 2183 1519 2212 macrum
1540 2182 1636 2222 pro-

130 2241 331 2289 fundens;
369 2250 465 2279 nam
504 2250 659 2289 aquam
697 2240 758 2280 sie
797 2240 839 2279 ut
877 2250 953 2290 pro
986 2239 1162 2279 lacrimis
1196 2238 1443 2278 stillantibus
1472 2238 1637 2288 ponitur

130 2303 401 2356 (Prop.3,6,
426 2302 514 2354 10),
552 2304 649 2345 item
687 2316 763 2356 pro
803 2306 920 2345 urina
958 2302 1140 2353 (Petron.
1162 2302 1252 2353 52),
1291 2304 1413 2344 etiam
1453 2303 1636 2354 turpiore

130 2372 198 2412 illo
234 2382 363 2412 sensu
397 2370 584 2411 adhiberi
617 2370 735 2412 testis
768 2373 833 2411 est
865 2370 1142 2422 Hieronymus
1177 2370 1228 2409 ad
1256 2369 1305 2410 ls.
1331 2369 1442 2414 48,1
1468 2380 1549 2419 sq.:
1585 2368 1639 2408 de

131 2438 271 2488 aquis,
310 2436 458 2487 inquit,
495 2435 603 2476 Iuda
640 2437 809 2486 existis,
846 2434 1152 2484 (εμνοπρεπῶε
1191 2446 1331 2486 aquas
1369 2446 1532 2476 vocans
1554 2446 1637 2484 pro

130 2503 302 2544 semine.
336 2501 510 2552 Sumpta
537 2503 675 2542 autem
702 2512 800 2543 esse
827 2502 990 2542 videtur
1015 2501 1236 2542 similitudo
1264 2512 1315 2541 ex
1336 2511 1444 2551 aqua
1465 2511 1638 2541 uvarum

132 2579 242 2620 quae
277 2567 395 2618 prelo
428 2567 689 2617 premuntur,
721 2568 941 2622 lucemque
969 2567 1102 2608 adfert
1129 2566 1335 2617 Vergilius
1364 2567 1455 2617 ipse
1482 2565 1638 2617 Georg.

134 2633 174 2684 2,
195 2633 280 2674 243
302 2644 382 2684 sq.:
421 2631 651 2683 dulcesque
682 2643 709 2672 a
740 2631 934 2683 fontibus
959 2633 1100 2673 undae
1126 2632 1186 2672 ad
1214 2633 1385 2682 plenum
1411 2633 1639 2680 calcentur,

134 2710 249 2750 aqua
281 2697 536 2739 eluctabitur
567 2699 705 2738 omnis
740 2700 782 2738 et
811 2698 1000 2748 grandes
1034 2698 1153 2739 ibunt
1179 2709 1259 2747 per
1291 2698 1448 2738 vimina
1479 2700 1639 2748 guttae.
