1780 3022
163 154 224 198 90

226 419 260 445 35

222 807 259 832 40

224 1163 261 1189 45

223 1521 258 1547 50

223 1909 257 1934 55

222 2267 258 2293 60

708 152 929 199 Catalepton
954 153 1123 200 Vergilii.

382 265 510 316 Regia
537 277 620 306 non
649 265 829 316 Semele,
855 278 938 307 non
966 266 1126 307 Inachis
1153 267 1379 316 Acrisione,

440 337 584 377 lnmitti
611 339 838 388 expectans
865 338 1035 379 fulmine
1062 340 1102 379 et
1128 339 1260 380 imbre
1286 339 1436 389 lovem,

383 407 472 448 Non
502 408 617 448 cuius
645 409 699 449 ob
727 411 889 459 raptum
915 409 1021 460 pulsi
1047 409 1205 460 liquere
1231 410 1394 451 Penatis

443 479 649 530 Tarquinii
676 481 844 530 patrios,
871 481 977 521 iilius
1005 482 1130 531 atque
1157 483 1285 531 pater,

381 551 449 591 1110
477 563 560 601 quo
588 552 762 602 primum
790 552 1025 592 dominatus
1054 552 1183 592 Roma
1209 554 1418 603 superbos

439 623 608 662 Mutavit
634 623 806 673 placidis
833 625 1021 673 ternpore
1049 623 1302 664 consulibus.

380 724 504 764 Multa
532 735 668 774 neque
695 724 891 765 inmeritis
919 725 1086 764 donavit
1113 725 1295 775 praemia
1322 725 1508 775 alumnis,

439 795 628 836 Praemia
653 795 845 836 Messalis
873 796 1050 836 maxima
1075 796 1309 836 Publicolis.

381 867 483 907 Nam
505 867 602 918 quid
625 878 706 918 ego
728 867 904 907 inmensi
925 878 1154 908 memorem
1175 868 1311 907 studia
1331 868 1408 908 ista
1429 868 1615 909 laboris?

440 938 615 979 Horrida
642 938 739 989 quid
768 939 897 979 durae
924 940 1112 989 tempora
1138 939 1333 980 militiae?

380 1009 527 1050 Castra
554 1010 658 1059 ioro,
684 1011 843 1059 rostris,
870 1008 960 1051 urbi
986 1021 1248 1060 praeponere
1275 1012 1424 1059 castra,

439 1081 538 1121 Tam
558 1082 703 1132 procul
725 1081 805 1121 1100
825 1082 965 1132 gnato,
985 1083 1067 1121 tam
1089 1082 1232 1132 procul
1253 1082 1331 1121 1130
1351 1081 1512 1132 patria?

382 1152 643 1192 Inmoderata
669 1153 750 1203 pati
777 1153 856 1192 iam
884 1153 1023 1193 sidera
1049 1153 1215 1203 iamque
1242 1153 1437 1194 calores?

440 1223 637 1264 Sternere
664 1224 729 1264 vel
756 1224 859 1264 dura
886 1235 1014 1274 posse
1041 1234 1170 1274 super
1195 1224 1341 1265 silice'?

381 1295 519 1346 Saepe
546 1297 704 1336 trucem
732 1295 913 1336 adverso
940 1296 1097 1346 perlabi
1125 1295 1264 1336 sidere
1291 1297 1493 1346 pontum?

440 1366 578 1417 Saepe
600 1377 714 1407 mare
735 1367 931 1407 audendo
951 1368 1131 1416 vincere,
1152 1377 1281 1417 saepe
1302 1367 1514 1408 hiemem?

380 1438 517 1489 Saepe
545 1439 667 1479 etiam
695 1439 853 1479 densos
874 1439 1076 1479 inmittere
1098 1450 1250 1489 corpus
1271 1439 1311 1478 in
1333 1439 1510 1480 hostes‘?

440 1509 714 1551 Communem
743 1510 837 1550 belli
865 1521 947 1550 non
976 1511 1216 1551 meminisse
1244 1510 1400 1551 deum?

380 1581 497 1621 Nunc
525 1581 671 1622 celeris
698 1581 835 1631 Atros,
861 1582 1040 1632 periuria
1067 1582 1174 1621 milia
1201 1582 1350 1632 gentis,

440 1653 578 1693 Aurea
604 1665 713 1693 nunc
741 1653 871 1703 rapidi
898 1653 1067 1692 flumina
1094 1653 1208 1693 adire
1235 1653 1366 1703 Tagi‘?

379 1724 496 1764 Nunc
522 1725 642 1765 aliam
670 1736 720 1766 ex
747 1725 824 1765 alia
853 1725 1047 1765 bellando
1075 1735 1278 1775 quaerere
1305 1727 1473 1774 gentem

439 1796 615 1837 Vincere
642 1798 683 1837 et
709 1795 866 1837 Oceani
894 1796 1046 1836 finibus
1075 1796 1275 1836 ulterius?

380 1897 470 1937 Non
492 1899 679 1938 nostrum
702 1899 765 1939 est
785 1899 932 1947 tantas,
953 1909 1035 1938 non
1056 1898 1223 1948 inquam
1244 1898 1447 1948 attingere
1468 1898 1626 1946 13111103,

440 1968 549 2020 Quin
571 1970 702 2009 ausim
724 1970 803 2011 hoc
826 1970 947 2010 etiam
968 1970 1126 2010 dicere:
1147 1970 1213 2008 vix
1235 1969 1445 2008 hominum
1467 1970 1543 2009 est.

379 2039 471 2090 Ipsa
492 2041 609 2090 haee,
629 2042 719 2091 ipsa
741 2042 874 2082 1010111
895 2052 1031 2081 10111111
1053 2042 1319 2081 monumenta
1340 2051 1416 2090 per
1435 2040 1594 2089 orbem,

439 2111 531 2162 Ipsa
558 2112 636 2152 sibi
666 2113 883 2163 egregium
912 2113 1019 2152 13013
1047 2112 1176 2152 decus
1204 2111 1375 2161 parient,
1398 2135 1403 2140 -

382 2183 466 2224 Nos
495 2195 544 2224 ea
571 2195 678 2234 quae
706 2187 841 2225 tecum
870 2185 1073 2224 finxerunt
1100 2183 1280 2223 carmina
1306 2183 1386 2222 divi

439 2254 639 2306 Cynthius
667 2256 707 2296 et
732 2255 863 2304 Musa,
889 2255 1080 2295 Bacchus
1107 2256 1146 2294 ct
1172 2254 1327 2304 Aglaie.

380 2326 422 2367 Si
450 2328 615 2367 laudem
643 2327 826 2377 aspirare
855 2326 1029 2374 humilis,
1056 2326 1089 2366 si
1118 2326 1232 2365 adire
1260 2324 1460 2375 Cyrenas,

439 2397 482 2438 Si
509 2398 640 2447 patrIo
667 2396 815 2438 Graios
842 2397 1023 2437 carmine
1051 2397 1164 2436 adire
1192 2396 1303 2436 sales

379 2471 621 2517 Possumus,
648 2468 798 2518 optatis
825 2468 918 2518 plus
944 2468 1024 2507 iam
1051 2467 1316 2517 procedimus
1343 2467 1456 2517 ipsis.

438 2540 525 2581 Hoc
552 2541 651 2580 satis
679 2541 755 2580 est.
793 2539 935 2590 Pingui
963 2539 1017 2578 nil
1044 2539 1140 2578 mihi
1167 2550 1259 2578 cum
1287 2538 1453 2588 populo.

227 2643 241 2677 l
271 2642 474 2688 incognita}
503 2642 619 2688 ignita
645 2640 676 2674 B
750 2641 876 2687 phebo
903 2639 1016 2675 codd.
1113 2639 1135 2673 3
1161 2639 1279 2674 victor
1303 2638 1411 2672 adest
1435 2637 1477 2681 B,
1504 2636 1659 2671 victoria

162 2698 222 2731 set
248 2707 277 2739 φ
351 2695 374 2729 4
395 2704 544 2741 quaque
565 2703 612 2729 ex
634 2702 808 2740 quaaque
828 2694 899 2728 aut
917 2702 964 2728 ex
985 2693 1149 2738 quiaque
1170 2700 1263 2727 corr.
1285 2690 1316 2725 Β
1388 2690 1410 2725 6
1436 2690 1596 2726 oenides
1616 2689 1658 2734 Β,

1707 0 1723 9 w
1736 0 1780 22 *rs-'x
