1780 3022
183 137 265 180 140
722 133 943 180 Catalepton
969 133 1139 181 Vergilii.

466 247 557 287 Non
584 257 650 287 me
677 247 850 287 vocabis
877 247 1049 297 pulchra
1075 258 1150 297 per
1177 246 1339 298 Cotytia

179 332 213 357 20
537 318 600 358 Ad
629 318 800 359 feriatos
827 318 1010 358 fascinos

466 390 553 430 Nec
580 390 732 430 deinde
759 391 798 430 te
826 400 996 431 movere
1023 391 1187 430 lumbos
1214 392 1428 442 propalam

537 461 704 502 Prensis
731 461 885 502 videbo
913 461 1110 502 altaribus

467 533 719 583 Flavumque
746 534 918 583 propter
944 532 1137 583 Thybrim
1164 534 1312 574 olentis
1339 534 1546 574 nauticum

541 604 715 653 Vocare,
742 604 812 644 ubi
840 604 1043 654 adpulsae
1070 606 1181 645 rates

179 688 212 714 25
468 674 587 716 Stant
612 676 652 715 in
678 675 796 715 vadis
824 686 1041 726 caenoque
1069 677 1206 716 tentae
1234 677 1406 717 sordido

539 747 762 797 Macraque
790 748 993 788 luctantes
1020 759 1146 798 aqua3

467 819 553 860 Nec
579 830 645 859 me
672 820 711 858 in
739 819 914 859 culinam
942 821 982 860 et
1008 821 1130 859 uncta
1157 821 1389 870 compitalia

538 889 766 941 Dapesque
794 891 924 931 duces
952 891 1164 931 sordidas:

469 961 631 1012 Quibus
659 962 843 1012 repletus
871 963 914 1002 ut
941 962 1131 1002 salivosis
1159 963 1278 1013 aquis

181 1047 214 1072 30
540 1032 728 1073 Obesam
756 1034 807 1073 ad
836 1045 1007 1074 uxorem
1035 1034 1147 1074 redis

469 1105 518 1145 Et
545 1106 787 1145 aestuantes
814 1106 937 1145 nocte
965 1105 1092 1146 solvis
1120 1107 1307 1156 pantices

543 1177 778 1227 Scelusque
804 1177 953 1217 lambis
981 1178 1118 1218 saviis.

470 1273 586 1312 Nunc
612 1272 746 1321 laede,
773 1283 882 1312 nunc
908 1272 1084 1321 lacesse,
1111 1272 1144 1312 si
1173 1272 1393 1323 quicquam
1419 1272 1547 1313 vales.

541 1343 590 1384 Et
617 1354 770 1384 nomen
798 1344 963 1384 ascribo
991 1345 1125 1383 tuum:

182 1429 216 1454 35
471 1415 657 1456 Cinaede
683 1415 826 1455 Lucci!
876 1415 958 1457 lam
986 1415 1056 1455 tibi
1084 1415 1233 1455 derunt
1259 1426 1363 1465 opes

490 1532 493 1535 ¹
541 1487 750 1536 Fameque
779 1487 945 1536 genuini
973 1487 1155 1536 crepant.

470 1558 634 1598 Videbo
661 1558 885 1598 habentem
912 1559 1077 1607 praeter
1102 1558 1277 1608 ignavos
1305 1557 1402 1597 nihil

543 1629 707 1669 Fratres
735 1631 776 1669 et
803 1630 948 1669 iratum
975 1629 1113 1669 lovem

473 1702 745 1751 Scissumque
773 1702 958 1741 ventrem
986 1702 1026 1741 et
1052 1700 1234 1741 herniosi
1262 1700 1394 1751 patrui

185 1787 221 1812 40
546 1773 683 1814 Pedes
711 1773 849 1813 inedia
875 1772 1078 1822 turgidos.

248 1876 261 1910 1
293 1875 420 1911 lacere
448 1884 508 1910 me
535 1874 583 1918 B,
610 1875 775 1909 iacerem
802 1873 891 1916 MH,
918 1873 1045 1908 iacere
1070 1872 1100 1907 A
1246 1873 1320 1907 alta
1344 1872 1386 1916 Β,
1413 1873 1487 1908 alto
1514 1884 1543 1916 φ

183 1930 204 1964 2
232 1932 316 1964 ante
342 1929 391 1972 B,
417 1931 515 1963 tante
542 1940 571 1972 φ
669 1928 810 1963 nectari
837 1939 865 1968 φ
987 1927 1010 1961 3
1037 1927 1109 1972 aut]
1143 1936 1214 1962 nec
1240 1926 1269 1961 A
1389 1926 1413 1960 4
1439 1925 1581 1972 Neque}
1610 1925 1688 1961 Nec

185 1983 288 2029 quod
314 1982 390 2017 ΜΗ
484 1983 504 2016 5
533 1982 588 2016 ira
615 1981 661 2026 etl
682 1980 802 2024 Ald.¹;
828 1982 920 2016 irate
941 1980 982 2023 Β,
1010 1990 1050 2015 re
1077 1984 1113 2016 et
1132 1980 1245 2024 MHA,
1273 1981 1351 2015 irae
1378 1983 1414 2015 et
1438 1979 1639 2015 Burmann

184 2037 333 2082 antiqus
359 2035 391 2070 Β
488 2035 509 2070 6
536 2036 653 2070 assim
676 2034 707 2069 Β
733 2033 794 2079 (cf.
815 2033 900 2069 XIV
915 2034 975 2079 11),
1002 2035 1124 2069 adsim
1152 2046 1194 2078 φ,
1221 2037 1279 2069 sat
1304 2035 1376 2069 sim
1403 2033 1586 2078 Scaliger,
1612 2033 1684 2068 iam

185 2090 307 2125 adsim
337 2088 596 2133 Oudendorp„
624 2089 737 2123 dixim
758 2087 948 2132 Ribbeck„
975 2098 1057 2123 mas
1084 2089 1155 2123 sim
1182 2087 1284 2132 Ellis,
1312 2097 1379 2134 par
1404 2088 1475 2122 sim
1502 2085 1687 2131 Nemethy

280 2153 336 2179 vv.
359 2143 380 2178 7
407 2144 445 2178 et
468 2143 491 2178 8
518 2143 611 2187 post
643 2151 674 2177 v.
700 2141 743 2176 10
769 2141 903 2176 traieci
1046 2142 1068 2177 9
1104 2142 1314 2188 impudice,
1354 2140 1602 2187 improbande
1634 2149 1686 2174 an

185 2197 383 2243 inpudice,
421 2196 656 2242 inprobande
694 2194 878 2239 scripturn
912 2195 965 2230 sit
1004 2195 1042 2229 in
1078 2204 1168 2230 mss.
1201 2193 1420 2239 potioribus
1454 2192 1688 2229 dissentiunt

184 2250 383 2286 Baehrens
407 2247 657 2284 Ribbeckius²
681 2247 854 2288 Ellisius;
879 2248 1086 2284 verisimile
1111 2249 1168 2283 est
1192 2249 1229 2283 in
1251 2257 1324 2293 per
1348 2246 1620 2292 compendium
1646 2245 1686 2281 in

185 2303 294 2339 libris
324 2303 510 2348 scriptum
546 2312 650 2342 esse:
681 2301 728 2346 cf.
748 2301 797 2336 IX
813 2301 863 2337 39
896 2302 1078 2337 inmeritis
1110 2303 1148 2337 et
1170 2302 1213 2336 41
1246 2301 1425 2343 inmensi;
1462 2301 1551 2335 item
1570 2299 1620 2334 IX
1634 2299 1687 2334 45

185 2359 223 2394 et
239 2357 290 2392 49
387 2359 423 2392 et
449 2366 524 2392 om.
551 2356 627 2391 MH
721 2356 868 2390 caesari
894 2355 1237 2400 R(ehdi9eranus),
1271 2355 1416 2390 cesaris
1436 2353 1478 2396 Β,
1510 2362 1620 2388 cesar
1643 2351 1686 2396 A,

186 2411 308 2447 esaris
334 2410 423 2454 MH,
449 2410 623 2457 gesseris
650 2418 723 2454 e90
750 2409 842 2444 olim
945 2409 987 2443 10
1013 2418 1082 2444 seu
1109 2408 1157 2452 Β,
1183 2409 1253 2444 sed
1281 2420 1322 2452 φ,
1349 2409 1381 2442 si
1408 2406 1615 2443 Scriverius

186 2465 206 2499 7
234 2464 288 2509 Et}
317 2464 359 2499 Ei
386 2463 613 2506 Scriverius,
640 2462 694 2498 En
719 2462 918 2506 Heinsius,
945 2461 1018 2497 Per
1042 2461 1220 2506 Ribbeck,
1247 2461 1308 2498 Ob
1335 2470 1407 2506 eqo
1433 2459 1525 2496 olim
1600 2467 1686 2505 pro-

187 2518 310 2553 stitute
336 2517 378 2561 Β,
406 2518 559 2563 prestite
586 2529 615 2560 φ
714 2519 750 2551 et
775 2517 995 2562 prostitutae
1023 2515 1159 2561 (turpe)
1187 2514 1434 2551 contubernio
1460 2512 1604 2557 Haupt,
1632 2512 1686 2548 ita

185 2573 229 2606 ut
253 2572 502 2606 contubernio
530 2571 687 2606 dativus
713 2570 768 2605 ad
793 2570 916 2605 adsim
940 2569 1134 2614 pertineat
1277 2568 1299 2602 8
1325 2577 1347 2602 ο
1373 2566 1415 2610 Β,
1441 2576 1517 2601 om.
1537 2578 1566 2609 φ

238 2625 277 2659 11
307 2624 473 2660 helluato
501 2634 587 2659 sera
611 2623 731 2667 Ald.¹;
771 2623 871 2658 helle
897 2625 1006 2658 uatos
1033 2632 1098 2657 era
1123 2622 1171 2665 Β,
1204 2622 1352 2657 eleuato
1384 2629 1471 2655 sera
1495 2619 1570 2654 MH

191 2679 232 2713 12
259 2678 436 2713 IntrateB
537 2678 578 2712 14
604 2676 806 2723 VdequeB
826 2686 875 2711 m.
889 2677 917 2719 1,
942 2676 1124 2722 Vdaeque
1145 2684 1238 2710 corr.
1261 2684 1309 2709 m.
1323 2674 1358 2717 2,
1383 2673 1553 2719 Utdeque
1567 2672 1642 2707 ΜΗ

490 2773 515 2793 0
