1780 3022
196 1058 229 1084 10

197 1454 231 1494 ψ

201 1814 236 1839 20

207 2569 242 2595 30

721 166 752 193 c.
774 156 849 192 vul
876 157 952 193 und
979 156 1037 193 lx.
1579 159 1639 203 89

850 303 918 348 lx.

344 398 482 439 Pauca
508 397 618 448 mihi,
644 398 767 439 niveo
795 398 871 439 sed
899 409 983 438 non
1010 398 1220 449 incognita
1247 398 1434 447 Phoebo,

406 470 543 511 Pauca
570 469 666 510 mihi
694 470 846 511 doctae
873 470 995 511 dicite
1023 470 1267 521 Pegasides.

346 542 486 583 Victor
511 542 644 591 adest,
671 541 809 593 magni
836 553 1033 592 magnum
1061 542 1193 583 decus
1220 553 1321 583 ecce
1348 542 1555 592 triumphi,

407 613 546 654 Victor
572 625 654 665 qua
680 614 816 654 terrae
843 623 1010 664 quaque
1037 615 1180 664 patent
1206 614 1347 664 maria,

348 685 524 726 Horrida
550 685 796 726 barbaricae
822 686 994 737 portans
1021 685 1199 736 insignia
1225 697 1407 737 pugnae,

408 757 587 808 Magnus
615 759 658 797 ut
683 756 872 798 Oenides
900 758 1027 808 utque
1055 758 1266 808 superbus
1293 756 1414 809 Eryx,

351 829 437 870 Nec
464 829 599 870 minus
627 830 782 870 idcirco
808 831 974 871 vestros
1002 840 1251 880 expromere
1278 831 1425 870 cantus

409 901 612 942 Maximus
640 903 680 942 et
707 902 877 942 sanctos
905 901 1057 952 dignus
1084 902 1186 943 inire
1214 903 1382 942 choros.

350 974 438 1014 Hoc
465 973 603 1024 itaque
630 973 805 1014 insuetis
832 974 963 1014 iactor
988 974 1135 1025 magis,
1162 973 1329 1024 optime,
1356 973 1466 1014 curis

412 1044 521 1096 Quid
550 1045 603 1086 de
630 1046 670 1086 te
697 1045 857 1096 possim
883 1046 1070 1087 scribere
1098 1045 1251 1097 quidve
1272 1046 1356 1086 tibi.

352 1117 539 1168 Namque
567 1114 749 1165 (fatebor
774 1114 899 1166 enim)
928 1129 1035 1168 quae
1063 1117 1239 1158 maxima
1266 1117 1505 1158 deterrendi

413 1188 577 1239 Debuit,
604 1190 795 1230 hortandi
822 1189 1000 1230 maxima
1027 1201 1155 1230 causa
1182 1189 1267 1230 fuit.

352 1298 491 1338 Pauca
517 1299 586 1337 tua
613 1298 652 1338 in
680 1296 848 1338 nostras
875 1299 1080 1339 venerunt
1107 1298 1289 1338 carmina
1316 1299 1466 1347 cartas,

415 1368 610 1410 Carmina
637 1381 730 1410 cum
757 1370 911 1421 lingua,
938 1371 1022 1410 tum
1049 1370 1138 1411 sale
1166 1369 1389 1420 Cecropio,

354 1441 547 1482 Carmina
574 1452 682 1493 quae
709 1441 916 1493 Prygium,
942 1442 1093 1483 saeclis
1121 1443 1294 1493 accepta
1321 1441 1481 1491 futuris,

415 1513 609 1555 Carmina
636 1525 745 1564 quae
771 1514 929 1565 Pylium
956 1514 1125 1555 vincere
1154 1514 1280 1565 digna
1308 1524 1467 1555 senem.

353 1585 529 1627 Molliter
554 1586 619 1627 hic
645 1586 760 1626 viridi
788 1586 953 1637 patulae
980 1587 1059 1627 sub
1087 1586 1269 1637 tegmine
1296 1597 1477 1636 quercus

414 1657 568 1699 Moeris
595 1659 788 1709 pastores
817 1660 857 1699 et
883 1658 1116 1699 Meliboeus
1144 1659 1262 1698 erant

356 1729 502 1770 Dulcia
528 1730 730 1770 iactantes
758 1730 917 1770 alterno
945 1730 1127 1770 carmina
1152 1741 1292 1779 versu,

419 1801 567 1852 Qualia
593 1801 827 1842 Trinacriae
854 1802 1004 1842 doctus
1031 1802 1141 1842 amat
1167 1802 1349 1842 iuvenis:

359 1871 555 1914 Certatim
582 1874 787 1914 ornabant
813 1884 961 1914 omnes
989 1873 1162 1914 heroida
1189 1873 1284 1923 divi,

420 1943 615 1986 Certatim
643 1945 763 1985 divae
790 1955 964 1986 munere
991 1956 1160 1996 quoque
1187 1956 1279 1985 suo.

361 2053 538 2094 Felicem
565 2055 661 2094 ante
688 2053 788 2094 alias
815 2065 840 2094 o
868 2055 908 2094 te
935 2053 1139 2103 scriptore
1166 2053 1363 2104 puellam!

421 2125 560 2166 Altera
586 2137 669 2166 non
696 2126 807 2166 fama
833 2125 980 2166 dixerit
1007 2135 1104 2166 esse
1132 2126 1256 2176 prior,

364 2196 454 2237 Non
482 2197 559 2246 illa,
589 2197 870 2247 Hesperidum
897 2197 936 2238 ni
963 2208 1137 2238 munere
1165 2198 1287 2247 capta
1312 2196 1472 2245 fuisset,

423 2267 543 2320 Quae
570 2270 783 2310 volucrem
810 2280 935 2310 cursu
962 2269 1118 2310 vicerat
1145 2269 1455 2322 Hippomenen3

364 2339 553 2381 Candida
580 2351 739 2391 cycneo
766 2352 850 2381 non
878 2341 988 2381 edita
1014 2340 1217 2391 Tyndaris
1245 2351 1339 2389 ovo,

424 2411 515 2452 Non
542 2423 698 2462 supero
725 2412 891 2463 fulgens
918 2411 1150 2462 Cassiepea
1176 2411 1287 2462 polo,

364 2483 455 2524 Non
483 2484 660 2525 defensa
687 2484 757 2524 diu
784 2484 955 2524 multum
981 2484 1207 2525 certamine
1235 2494 1438 2534 equorum

425 2554 636 2606 Optabant
662 2556 860 2606 gravidae
888 2567 1012 2606 quam
1039 2555 1116 2596 sibi
1144 2565 1338 2605 quaeque
1366 2565 1526 2603 manus,

367 2627 506 2678 Saepe
534 2628 711 2668 animam
739 2628 883 2678 generi
910 2639 986 2678 pro
1014 2638 1095 2677 qua
1122 2629 1240 2677 pater
1266 2626 1415 2676 impius
1437 2626 1586 2675 hausit,

427 2698 566 2751 Saepe
594 2699 720 2740 rubro
749 2699 891 2740 sitiens
919 2699 1124 2750 sanguine
1151 2698 1265 2738 fluxit
1291 2698 1461 2747 humus3
