1780 3022
168 155 226 198 60
718 150 939 197 Catalepton
965 151 1134 199 Vergilii.

167 266 340 306 infracta
380 267 421 306 et
460 266 671 316 amputata
708 265 970 316 loquebatur.
1032 265 1123 305 Dass
1169 266 1260 307 dies
1298 266 1402 307 aber
1441 265 1507 307 ein
1545 266 1675 308 tester

168 331 384 372 Terminus
412 331 487 371 der
513 329 711 371 Rhetorik
738 330 791 370 im
819 331 1010 381 gleichen
1039 330 1166 371 Sinne
1192 343 1278 372 war
1304 331 1388 372 und
1415 331 1541 381 blieb,
1566 331 1675 383 zeigt

166 397 311 437 weiter
331 395 496 437 Seneca
516 397 635 446 epist.
661 396 756 446 114,
781 396 851 436 17:
879 395 1086 437 Sallustio
1113 398 1280 448 vigente
1306 399 1553 447 amputatae
1576 408 1674 438 sen-

168 463 325 502 tentiae
351 492 360 502 .
381 492 390 502 .
412 492 420 502 .
447 464 488 502 et
514 462 700 503 obscura
727 462 918 502 brevitas
943 461 1063 513 fuere
1083 474 1166 512 pro
1193 463 1325 509 cultu,
1356 474 1421 503 wo
1449 463 1538 503 also
1565 463 1672 503 auch

168 528 326 578 gerade
354 527 509 568 Sallust
536 529 739 579 genannt3
771 527 865 568 Tac.
886 528 980 568 dial.
1001 528 1056 568 32
1085 529 1341 569 circumcisa
1367 531 1407 569 et
1433 530 1674 579 amputata;
1750 524 1754 526 ’

167 593 265 633 Plin.
286 594 405 644 epist.
430 594 464 642 l,
486 593 554 643 20,
579 593 652 635 19:
677 596 900 644 amputata
915 595 1057 634 oratio
1071 596 1113 634 et
1125 594 1322 644 abscisa3
1347 594 1426 634 Jul.
1440 594 1580 634 Victor
1599 594 1674 635 27:

168 662 416 709 amputatae
441 659 642 700 brevitati
666 659 832 700 studes.

227 724 312 765 Der
332 723 620 776 Sprachtypus
648 725 726 766 des
748 725 975 766 Gedichtes
990 719 1044 764 11¹³
1072 726 1300 776 entspricht
1326 725 1381 765 im
1402 725 1577 776 ubrigen
1598 725 1675 766 der

166 791 325 831 Manier
351 790 521 831 Catulls.
565 791 622 831 Zu
650 791 732 832 den
759 791 1005 831 kraftvollen
1033 790 1369 831 Demonstrativa
1395 792 1479 832 iste
1504 791 1587 831 iste
1612 790 1674 832 sei

168 856 301 897 Catull
321 857 360 907 4,
385 857 401 897 1
429 857 641 907 phaselus
668 858 755 906 ille,
782 857 872 897 bes.
901 856 968 906 22,
995 857 1011 896 1
1045 856 1246 908 Suffenus
1273 858 1374 902 iste,
1404 856 1529 902 Vare,
1554 867 1676 907 quem

161 923 298 972 probe
323 924 452 968 nosti,
478 952 486 962 .
508 952 516 962 .
538 953 546 962 .
573 923 697 973 longe
718 923 930 972 plurimos
955 922 1065 973 facit
1097 934 1248 963 versus
1273 922 1534 973 verglichen,
1567 921 1673 962 auch

167 989 234 1029 die
267 988 464 1038 Haufung
495 988 535 1027 in
564 999 597 1028 c.
620 988 694 1028 58:
735 987 871 1034 Caeli,
906 987 1061 1028 Lesbia
1094 986 1266 1038 nostra,
1298 987 1454 1028 Lesbia
1480 987 1573 1033 illa,
1599 987 1674 1027 illa

165 1052 338 1099 Lesbia,
374 1064 499 1103 quam
646 1052 704 1093 So
738 1053 845 1093 auch
879 1053 955 1093 das
984 1053 1229 1104 Catalepton
1256 1054 1406 1094 selbst:
1441 1052 1561 1093 11³1:
1596 1063 1675 1103 eqo

166 1119 285 1165 haec,
316 1130 395 1169 ego
426 1122 518 1159 arte
548 1118 676 1170 fabr.;
711 1119 746 1158 X
766 1119 805 1159 1:
833 1118 1022 1160 Sabinus
1048 1120 1119 1159 ille
1143 1131 1275 1169 quem.
1322 1119 1439 1159 Auch
1465 1117 1675 1169 Aristoph.

165 1185 344 1225 Acharn.
366 1184 469 1225 280:
502 1180 630 1222 οὗτος
658 1180 788 1222 αὐτό(
816 1180 945 1234 ἐςτιν,
978 1179 1106 1222 οὗτος
1133 1185 1217 1224 und
1245 1184 1350 1224 477:
1381 1180 1500 1221 τουτὶ
1526 1178 1674 1230 μόνον,

167 1246 286 1288 τουτὶ
313 1246 461 1298 μόνον.
496 1249 749 1301 Doppelung
775 1251 881 1290 auch
909 1251 1018 1291 noch
1046 1250 1179 1291 Catull
1201 1250 1270 1299 61,
1290 1250 1335 1291 8:
1360 1250 1442 1291 hue
1460 1249 1542 1290 huc
1560 1250 1674 1299 veni;

167 1315 265 1356 Hor.
298 1315 379 1356 Od.
400 1316 439 1366 3,
462 1315 530 1366 26,
552 1316 596 1356 6:
634 1316 704 1356 hie
734 1316 821 1365 hic3
849 1317 939 1356 bes.
966 1317 1070 1357 aber
1094 1316 1177 1367 vgl.
1204 1316 1279 1356 illa
1312 1316 1386 1356 illa
1418 1315 1540 1356 dives
1565 1314 1673 1355 Mar-

166 1382 234 1422 tial
262 1381 300 1431 2,
327 1382 397 1430 65,
425 1382 464 1422 4.
514 1381 721 1422 Weiteres
749 1382 855 1422 uber
881 1381 1135 1432 Doppelung
1160 1393 1194 1422 s.
1220 1393 1269 1421 zu
1297 1380 1427 1421 Catal.
1446 1380 1529 1420 XIII
1551 1381 1591 1421 5.

872 1521 923 1565 III
932 1519 967 1563 b.

383 1609 536 1659 Aspice
564 1620 690 1659 quem
715 1609 854 1649 valido
881 1610 1103 1649 subnixum
1129 1609 1262 1660 glorIa
1289 1619 1422 1659 regno

454 1681 585 1721 Altius
614 1682 654 1721 et
681 1681 783 1721 caeli
811 1681 985 1721 sedibus
1012 1681 1226 1721 extulerat.

384 1753 601 1794 Terrarum
629 1753 695 1793 hic
721 1753 831 1794 bello
859 1764 1056 1803 magnum
1085 1754 1358 1793 concusserat
1384 1753 1542 1802 orbem,

455 1825 530 1864 l-Iic
556 1835 682 1875 reges
709 1825 835 1865 Asiae
862 1825 1058 1875 fregerat,
1085 1825 1150 1864 hic
1176 1824 1369 1875 populos.

227 1909 242 1933 5
383 1896 456 1936 Hic
484 1907 612 1947 grave
641 1896 950 1937 servitiumtibi
978 1896 1069 1945 iam,
1096 1896 1180 1946 tibi,
1206 1895 1349 1945 Roma,
1375 1895 1538 1936 ferebat

455 1966 623 2015 (Cetera
650 1979 831 2019 namque
857 1968 930 2007 viri
958 1968 1133 2019 cuspide
1161 1964 1464 2014 conciderant):

383 2038 487 2080 Cum
515 2039 652 2080 subito
680 2041 719 2079 in
746 2040 886 2080 medio
913 2051 1051 2080 rerum
1078 2040 1302 2080 certamine
1329 2049 1533 2089 praeceps

455 2110 619 2152 Corruit
647 2122 699 2152 en
726 2112 858 2162 patria
884 2112 1030 2162 pulsus
1057 2112 1096 2150 in
1125 2111 1301 2151 exilium.

383 2183 479 2223 Tale
507 2183 613 2223 deae
640 2193 807 2232 numen,
834 2183 900 2223 tali
928 2183 1115 2223 mortalia
1141 2184 1241 2222 nutu

227 2267 261 2293 10
455 2255 592 2295 Fallax
619 2256 831 2295 momento
858 2255 1057 2305 temporis
1085 2255 1188 2294 hora
1215 2254 1341 2295 dedit.

228 2333 248 2367 2
275 2332 322 2378 et]
351 2342 371 2368 e
392 2332 432 2367 M
528 2332 637 2377 caeli}
666 2332 775 2378 regni
799 2331 872 2366 AM
887 2331 986 2367 Med.
1102 2331 1125 2366 3
1147 2332 1241 2376 post
1265 2341 1444 2378 magnum
1471 2330 1511 2366 in
1536 2330 1568 2365 B
1592 2340 1671 2366 ver-

166 2396 233 2422 sus
268 2386 330 2422 hic
365 2386 404 2421 in
440 2386 540 2422 duos
575 2395 708 2422 versus
743 2385 977 2430 dirumpitur
1073 2386 1094 2420 5
1120 2386 1186 2420 tibi
1213 2385 1286 2420 iam
1313 2384 1391 2430 tibi]
1424 2385 1490 2420 tibi
1522 2385 1595 2419 iam
1621 2383 1669 2427 B;

167 2441 232 2475 tibi
259 2441 332 2475 iam
362 2439 531 2476 Romana
557 2441 623 2475 fer.
650 2439 858 2475 Buecheler
962 2439 984 2474 8
1011 2439 1070 2484 en]
1097 2438 1255 2484 scripsi3
1282 2441 1318 2474 et
1341 2437 1456 2482 BMH,
1482 2447 1504 2473 e
1528 2436 1603 2480 AR,
1628 2446 1671 2472 ec

168 2494 338 2529 Ribbeck
443 2493 464 2528 9
490 2493 591 2538 nutu]
627 2494 695 2528 ritu
722 2493 868 2538 Haupt,
902 2496 1003 2528 motu
1030 2492 1228 2528 Baehrens
1335 2492 1377 2527 10
1403 2490 1516 2536 dedit}
1543 2491 1671 2526 adedit

167 2547 398 2591 Sabbadini,
426 2547 560 2594 premit
586 2546 782 2591 Ruhnken,
809 2547 893 2582 terit
918 2546 1116 2582 Baehrens

229 2631 302 2671 Ein
329 2631 506 2672 Gedicht
532 2632 601 2671 aui
627 2631 709 2671 den
737 2631 824 2672 Tod
851 2631 1109 2671 Alexanders
1143 2631 1219 2671 des
1246 2628 1434 2678 Grossen,
1466 2628 1669 2669 mutmass-

168 2698 247 2737 Iich
268 2698 321 2737 im
342 2697 517 2737 Anblick
545 2697 621 2737 des
643 2697 888 2737 Leichnams
911 2697 1043 2737 selbst
1063 2696 1168 2737 oder
1187 2696 1263 2736 des
1278 2694 1669 2736 Leichenkondukts
