1780 3022
149 158 205 201 52
692 152 913 199 Catalepton
939 152 1108 198 Vergilii.

861 296 938 342 nb.

435 386 743 428 Corinthiorum
769 386 930 426 amator
954 386 1031 425 iste
1058 385 1295 434 verborum,

363 459 442 499 Iste
469 459 547 499 iste
573 458 716 498 rhetor
741 458 975 508 amputatus
1002 457 1043 497 et
1068 457 1179 496 totus

363 530 627 581 Thucydides
654 530 836 578 renatus,
862 528 994 568 Attice
1020 528 1162 577 febris,

363 602 447 642 Tau
476 601 686 650 Gallicum,
712 600 794 641 min
822 601 863 641 et
889 600 982 651 spin
1008 600 1051 639 ut
1077 599 1183 639 male
1209 599 1328 648 illisit,

152 686 167 711 5
364 674 421 713 Ita
448 674 587 714 omnia
613 673 690 713 ista
716 673 847 713 verba
873 672 1035 712 miscuit
1061 671 1185 711 fratri.

211 750 329 787 Varia
349 750 460 787 lectio
481 750 519 786 in
540 751 617 786 tres
625 750 760 795 partes
777 749 1028 790 distribuitur,
1054 748 1084 794 1)
1105 748 1245 794 Vergili
1257 748 1445 789 codicum,
1472 749 1510 794 2)
1533 749 1649 793 Quin-

148 803 286 846 tiliani,
311 803 351 851 3)
377 804 540 840 Ausonii
564 803 757 840 lectiones.

212 883 227 918 l
257 882 564 919 Chorinthiorum
590 881 632 925 Β,
671 880 950 917 Corinthiorum
976 880 1018 924 A,
1053 882 1331 917 corinthearum
1359 893 1388 925 φ

149 937 171 971 2
199 937 345 972 hraetor
369 936 400 971 B
497 938 709 982 amputatus
736 935 782 980 etl
809 934 963 980 scripsi3
990 944 1154 981 namque
1181 937 1366 981 quatenus
1392 935 1505 970 codd.

147 991 171 1025 3
196 990 474 1036 tuclichidydes
500 990 547 1031 B,
585 989 658 1024 sed
683 987 730 1023 cli
757 988 962 1033 expunxit,
1000 989 1206 1023 tuehididis
1231 987 1278 1032 A,
1315 987 1548 1023 thuchididis
1573 987 1655 1023 MH

148 1043 311 1089 renatus]
337 1043 491 1088 scripsi;
518 1044 677 1090 tryannfi
701 1043 750 1086 Β,
777 1044 954 1089 tyrannus
979 1041 1053 1077 AM
1169 1043 1280 1077 attica
1304 1041 1351 1084 Β,
1378 1042 1474 1077 atice
1500 1053 1529 1085 φ

148 1097 172 1131 4
197 1098 286 1132 thau
312 1098 498 1144 galligum
531 1099 582 1133 mi
615 1101 651 1133 et
689 1098 813 1143 spinet
845 1096 944 1131 male
977 1096 1082 1131 illisit
1106 1095 1137 1130 Β
1175 1095 1304 1142 (hancj
1329 1095 1650 1140 orthographiam

150 1151 296 1197 galliga
321 1151 439 1187 habet
468 1151 586 1187 etiam
618 1152 704 1187 cod.
735 1149 966 1186 Veronensis
992 1150 1199 1185 Claudiani
1224 1158 1342 1185 carm.
1369 1149 1462 1184 min.
1486 1150 1540 1190 18,
1565 1149 1652 1195 20);

149 1205 237 1240 thau
263 1205 444 1252 gallicum
472 1207 587 1241 minet
613 1206 738 1252 psinet
763 1204 862 1239 male
889 1204 991 1238 illisit
1015 1203 1104 1247 MH;
1142 1205 1204 1238 tau
1230 1203 1396 1250 galicum
1425 1204 1540 1238 minet
1565 1213 1651 1249 pro·
1687 1233 1689 1237 ,
1722 1197 1726 1202 ’

148 1259 247 1293 sinet
272 1259 371 1294 male
397 1259 501 1295 illisit
524 1258 554 1294 A
652 1259 701 1305 ut]
730 1257 796 1293 Ph.
816 1257 985 1302 Waqner
1009 1258 1046 1293 et
1070 1256 1233 1292 Schenkl
1259 1255 1450 1303 (Zeitschr.
1469 1256 1496 1301 f.
1518 1257 1649 1292 cistert.

148 1311 330 1356 Gymnas.
351 1313 442 1348 1867
461 1323 500 1358 p.
522 1313 627 1358 799),·
652 1316 688 1348 et
713 1312 826 1348 codd.
925 1311 946 1346 5
974 1311 1033 1356 ital
1062 1311 1133 1346 ista
1157 1309 1187 1345 A

210 1390 472 1434 Quintilianus
497 1392 533 1435 8,
559 1390 595 1435 3,
621 1391 673 1426 28
698 1390 813 1426 haec:
844 1390 959 1425 multa
985 1389 1060 1424 alia
1085 1389 1197 1424 etiam
1225 1389 1424 1423 audentius
1453 1388 1650 1434 (audienti-

148 1445 222 1479 bus
248 1444 376 1490 codd.)
404 1445 519 1480 inseri
547 1446 717 1491 possunt,
743 1445 813 1479 sed
840 1444 889 1478 ita
915 1443 1068 1478 demum
1089 1443 1217 1478 sinon
1237 1444 1418 1488 appareat
1437 1442 1650 1486 adfectatio,

148 1499 185 1533 in
210 1497 383 1545 qua<m>
411 1499 571 1534 mirifice
595 1498 806 1545 Vergilius:

194 1579 210 1604 1
434 1569 714 1606 Corinthiorum
741 1571 886 1605 amator
912 1570 982 1603 iste
1008 1570 1211 1603 verborum

194 1639 211 1664 3
435 1630 677 1676 Thucydides
702 1629 910 1665 brittannus
936 1628 1055 1663 Attice
1081 1628 1209 1664 febres
1236 1627 1320 1674 (sic)

434 1690 510 1725 Tau
537 1689 724 1726 Gallicum
751 1689 851 1724 enim
879 1691 915 1723 et
939 1689 1025 1734 spin
1051 1690 1088 1723 et
1113 1689 1212 1723 male
1239 1688 1352 1730 illisit,

194 1758 210 1784 5
433 1750 484 1785 lta
510 1750 636 1785 omnia
662 1750 733 1784 ista
758 1749 875 1784 verba
901 1748 1051 1783 miscuit
1076 1748 1179 1782 fratri

150 1820 296 1866 (itaque
327 1832 360 1857 υ.
379 1822 404 1856 2
431 1821 625 1866 omissus).
677 1820 833 1856 Cimber
858 1819 920 1854 hic
945 1819 1022 1862 fuit,
1049 1829 1070 1854 a
1097 1829 1172 1865 quo
1200 1820 1350 1854 fratrem
1377 1821 1550 1854 necatum
1577 1819 1651 1853 hoc

150 1874 487 1975 giziffrffi54ficm
525 1878 689 1910 notatum
729 1878 803 1910 est:
842 1874 1071 1910 Germanum
1112 1872 1268 1909 Cimber
1304 1873 1443 1908 occidit
1481 1871 1543 1918 (cf.
1578 1872 1649 1908 Cic.

206 2000 383 2045 Denique
407 1999 602 2036 Ausonius
628 2000 1005 2036 Grammaticomast.
1027 1999 1130 2035 5-9:

194 2080 211 2107 5
363 2072 434 2108 Dic
460 2073 551 2119 quid
578 2073 796 2119 significent
822 2071 1017 2118 Catalepta
1043 2071 1240 2107 Maronis?
1266 2071 1303 2105 in
1330 2070 1389 2104 his
1416 2070 1451 2104 al

363 2132 554 2167 Celtarum
582 2132 717 2178 posuit,
745 2132 916 2177 sequitur
940 2140 1015 2166 non
1042 2131 1206 2166 lucidius
1233 2133 1305 2165 tau.

363 2191 476 2227 Estne
503 2191 685 2238 perigrini
711 2200 784 2226 vox
809 2191 974 2226 nominis
1000 2200 1048 2225 an
1073 2190 1165 2225 Latii
1191 2190 1238 2224 sil

363 2252 405 2287 Et
431 2252 533 2298 quod
560 2260 744 2298 germano
772 2251 924 2285 mixtum
953 2250 1052 2286 male
1078 2250 1264 2285 letiferum
1292 2248 1400 2284 min?

151 2323 229 2359 Sed
262 2324 457 2368 discrepat
488 2323 651 2359 Ausonii
684 2322 884 2358 memoria.
936 2322 1051 2366 Quod
1087 2321 1267 2357 dedimus
1302 2321 1410 2356 extat
1444 2319 1482 2355 in
1511 2319 1539 2354 C
1555 2318 1648 2361 etV3

149 2377 289 2422 reliqui
313 2378 426 2413 codd.
454 2377 554 2412 inter
577 2386 676 2421 quos
703 2375 731 2410 T
754 2376 851 2411 haec
875 2377 1026 2411 tantum
1053 2375 1215 2411 habent:

144 2457 164 2484 ὅ
221 2448 329 2485 Scire
355 2450 467 2484 velim
495 2450 680 2495 catalepta
706 2447 753 2494 (υ.
773 2448 795 2482 l.
818 2447 1013 2493 catalecta)
1041 2448 1177 2493 legens
1204 2446 1295 2492 quid
1321 2445 1514 2492 significet
1538 2446 1611 2487 tau,

145 2518 164 2545 a
220 2508 333 2544 Estne
361 2509 553 2555 peregrini
579 2517 651 2543 vox
676 2507 841 2543 nominis
867 2516 915 2542 an
941 2507 1033 2542 Latii
1060 2507 1106 2541 sil

221 2568 264 2604 Et
289 2569 391 2615 quod
418 2577 602 2615 germano
630 2567 783 2602 mixtum
811 2567 910 2602 male
937 2567 1123 2602 letiferum
1151 2565 1255 2600 min?

145 2641 192 2679 In
219 2640 360 2740 {gibus
385 2641 461 2728 vil7
487 2642 593 2675 estne
618 2639 726 2675 solus
757 2638 796 2683 V,
823 2639 918 2674 sitne
944 2639 1040 2682 rell.;
1068 2647 1115 2673 an
1141 2638 1218 2672 latii
1249 2636 1315 2680 VC,
1343 2634 1428 2671 anni
1456 2633 1515 2670 TE
1571 2644 1602 2670 v.
1624 2634 1648 2669 8

149 2703 228 2743 quo
294 2703 370 2740 quo
431 2720 440 2729 .
